
@misc{_functory_????,
	title = {Functory},
	url = {https://www.lri.fr/~filliatr/functory/About.html},
	urldate = {2014-03-20},
	file = {Functory:/home/tamas/.mozilla/firefox/gpjiv4su.default/zotero/storage/2GZWIKI2/About.html:text/html}
}

@misc{_ocamlnet_????,
	title = {Ocamlnet},
	url = {http://projects.camlcity.org/projects/ocamlnet.html},
	urldate = {2014-03-20},
	file = {Ocamlnet:/home/tamas/.mozilla/firefox/gpjiv4su.default/zotero/storage/FZE6XA2Q/ocamlnet.html:text/html}
}

@misc{_jocaml_????,
	title = {The {JoCaml} system},
	url = {http://jocaml.inria.fr/},
	urldate = {2014-03-20},
	file = {The JoCaml system:/home/tamas/.mozilla/firefox/gpjiv4su.default/zotero/storage/G9HUQAQK/jocaml.inria.fr.html:text/html}
}