


@MISC{OCaml,
 title = {OCaml},
 howpublished = {\url{http://ocaml.org/}}
}

@MISC{LWT,
 title = {LWT, Lightweight Threading library},
 howpublished = {\url{http://ocsigen.org/lwt/}}
}
   
@MISC{Async,
 title = {Async, Open source concurrency library by Jane Street},
 howpublished = {\url{http://janestreet.github.io/}}
}
@MISC{Lem,
 title = {Lem, a tool for lightweight executable mathematics.},
 howpublished = {\url{http://www.cs.kent.ac.uk/people/staff/sao/lem/}}
}
@MISC{Ott,
  title = {Ott, a tool for writing definitions of programming languages and calculi},
  howpublished = {\url{http://www.cl.cam.ac.uk/~pes20/ott/}},
  author = "Francesco Zappa Nardelli"
  }

@MISC{Claessen99functionalpearls, author = {Koen Claessen}, title = {Functional Pearls: A Poor Man's Concurrency Monad}, year = {1999} }

@article{deleuzelight,
  title={Light Weight Concurrency in OCaml: Continuations, Monads, Promises, Events},
  author={Deleuze, Christophe}
}

@inproceedings{vouillon2008lwt,
  title={Lwt: a cooperative thread library},
  author={Vouillon, J{\'e}r{\^o}me},
  booktitle={Proceedings of the 2008 ACM SIGPLAN workshop on ML},
  pages={3--12},
  year={2008},
  organization={ACM}
}

@MISC{Coq,
  title = {Ott, a tool for writing definitions of programming languages and calculi},
  howpublished = {\url{http://coq.inria.fr/}}}
  
@MISC{OCamlLightWeb,
    title = {Ott, a tool for writing definitions of programming languages and calculi},
    howpublished = {\url{http://www.cl.cam.ac.uk/~so294/ocaml/}},
    year={2008}}
  

@incollection{OCamlLight,
  title={A sound semantics for OCaml light},
  author={Owens, Scott},
  booktitle={Programming Languages and Systems},
  pages={1--15},
  year={2008},
  publisher={Springer}
}

@article{benton2008mechanized,
  title={A mechanized bisimulation for the nu-calculus},
  author={Benton, Nick and Koutavas, Vasileios},
  journal={Higher-Order and Symbolic Computation (to appear, 2013)},
  year={2008}
}

@article{blazy2009mechanized,
  title={Mechanized semantics for the Clight subset of the C language},
  author={Blazy, Sandrine and Leroy, Xavier},
  journal={Journal of Automated Reasoning},
  volume={43},
  number={3},
  pages={263--288},
  year={2009},
  publisher={Springer}
}
@incollection{blazy2006formal,
  title={Formal verification of a C compiler front-end},
  author={Blazy, Sandrine and Dargaye, Zaynah and Leroy, Xavier},
  booktitle={FM 2006: Formal Methods},
  pages={460--475},
  year={2006},
  publisher={Springer}
}
@article{leroy2009formal,
  title={Formal verification of a realistic compiler},
  author={Leroy, Xavier},
  journal={Communications of the ACM},
  volume={52},
  number={7},
  pages={107--115},
  year={2009},
  publisher={ACM}
}

@incollection{letouzey2008extraction,
  title={Extraction in coq: An overview},
  author={Letouzey, Pierre},
  booktitle={Logic and Theory of Algorithms},
  pages={359--369},
  year={2008},
  publisher={Springer}
}
@incollection{berger1993program,
  title={Program extraction from normalization proofs},
  author={Berger, Ulrich},
  booktitle={Typed Lambda Calculi and Applications},
  pages={91--106},
  year={1993},
  publisher={Springer}
}
@inproceedings{berger1995program,
  title={Program extraction from classical proofs},
  author={Berger, Ulrich and Schwichtenberg, Helmut},
  booktitle={Logic and Computational Complexity},
  pages={77--97},
  year={1995},
  organization={Springer}
}
@incollection{letouzey2003new,
  title={A new extraction for Coq},
  author={Letouzey, Pierre},
  booktitle={Types for proofs and programs},
  pages={200--219},
  year={2003},
  publisher={Springer}
}
@incollection{delahaye2007extracting,
  title={Extracting purely functional contents from logical inductive types},
  author={Delahaye, David and Dubois, Catherine and {\'E}tienne, Jean-Fr{\'e}d{\'e}ric},
  booktitle={Theorem Proving in Higher Order Logics},
  pages={70--85},
  year={2007},
  publisher={Springer}
}

@incollection{fournet2003jocaml,
  title={JoCaml: A language for concurrent distributed and mobile programming},
  author={Fournet, C{\'e}dric and Le Fessant, Fabrice and Maranget, Luc and Schmitt, Alan},
  booktitle={Advanced Functional Programming},
  pages={129--158},
  year={2003},
  publisher={Springer}
}



